<?xml version="1.0" encoding="UTF-8"?><record xmlns="http://www.loc.gov/MARC21/slim" xmlns:cinclude="http://apache.org/cocoon/include/1.0" xmlns:zs="http://www.loc.gov/zing/srw/">
  <leader>00437nz  a2200121n  4500</leader>
  <controlfield tag="001">n  85112386 </controlfield>
  <controlfield tag="003">DLC</controlfield>
  <controlfield tag="005">19850904112020.9</controlfield>
  <controlfield tag="008">850724n| acannaab|          |n aaa |||  </controlfield>
  <datafield tag="010" ind1=" " ind2=" ">
    <subfield code="a">n  85112386 </subfield>
  </datafield>
  <datafield tag="040" ind1=" " ind2=" ">
    <subfield code="a">InU</subfield>
    <subfield code="c">DLC</subfield>
  </datafield>
  <datafield tag="100" ind1="1" ind2="0">
    <subfield code="a">Merkel, Anne Ingram,</subfield>
    <subfield code="d">1952-</subfield>
  </datafield>
  <datafield tag="670" ind1=" " ind2=" ">
    <subfield code="a">Her A study of the effectiveness of using computer assisted instruction in the teaching of English as a second language, 1984:</subfield>
    <subfield code="b">t.p. (Anne Ingram Merkel) leaf 80 (b. 6/7/52)</subfield>
  </datafield>
</record>